@inproceedings{sanchez2019can,
    title={Can i opt out yet? gdpr and the global illusion of cookie control},
    author={Sanchez-Rola, Iskander and Dell'Amico, Matteo and Kotzias, Platon and Balzarotti, Davide and Bilge, Leyla and Vervier, Pierre-Antoine and Santos, Igor},
    booktitle={Proceedings of the 2019 ACM Asia conference on computer and communications security},
    pages={340--351},
    year={2019}
}

@article{degeling2018we,
  title={We value your privacy... now take some cookies: Measuring the GDPR's impact on web privacy},
  author={Degeling, Martin and Utz, Christine and Lentzsch, Christopher and Hosseini, Henry and Schaub, Florian and Holz, Thorsten},
  journal={arXiv preprint arXiv:1808.05096},
  year={2018}
}

@online{whathappened,
  title={GDPR - What happened?},
  author={Whotracks.me},
  year={2018},
  url={https://whotracks.me/blog/gdpr-what-happened.html}
}

@inproceedings{dabrowski2019measuring,
  title={Measuring cookies and web privacy in a post-gdpr world},
  author={Dabrowski, Adrian and Merzdovnik, Georg and Ullrich, Johanna and Sendera, Gerald and Weippl, Edgar},
  booktitle={International Conference on Passive and Active Network Measurement},
  pages={258--270},
  year={2019},
  organization={Springer}
}

@inproceedings{nouwens2020dark,
  title={Dark patterns after the GDPR: Scraping consent pop-ups and demonstrating their influence},
  author={Nouwens, Midas and Liccardi, Ilaria and Veale, Michael and Karger, David and Kagal, Lalana},
  booktitle={Proceedings of the 2020 CHI conference on human factors in computing systems},
  pages={1--13},
  year={2020}
}

@inproceedings{matte2020cookie,
  title={Do cookie banners respect my choice?: Measuring legal compliance of banners from iab europeâ€™s transparency and consent framework},
  author={Matte, C{\'e}lestin and Bielova, Nataliia and Santos, Cristiana},
  booktitle={2020 IEEE Symposium on Security and Privacy (SP)},
  pages={791--809},
  year={2020},
  organization={IEEE}
}

@article{trevisan20194,
  title={4 years of EU cookie law: Results and lessons learned},
  author={Trevisan, Martino and Traverso, Stefano and Bassi, Eleonora and Mellia, Marco and others},
  journal={Proceedings on Privacy Enhancing Technologies},
  volume={2019},
  number={2},
  pages={126--145},
  year={2019}
}

@inproceedings{utz2019informed,
  title={(Un) informed consent: Studying GDPR consent notices in the field},
  author={Utz, Christine and Degeling, Martin and Fahl, Sascha and Schaub, Florian and Holz, Thorsten},
  booktitle={Proceedings of the 2019 acm sigsac conference on computer and communications security},
  pages={973--990},
  year={2019}
}

@inproceedings{zimmeck2014privee,
  title={Privee: An architecture for automatically analyzing web privacy policies},
  author={Zimmeck, Sebastian and Bellovin, Steven M},
  booktitle={23rd USENIX Security Symposium (USENIX Security 14)},
  pages={1--16},
  year={2014}
}

@inproceedings{mcdonald2009comparative,
  title={A comparative study of online privacy policies and formats},
  author={McDonald, Aleecia M and Reeder, Robert W and Kelley, Patrick Gage and Cranor, Lorrie Faith},
  booktitle={International Symposium on Privacy Enhancing Technologies Symposium},
  pages={37--55},
  year={2009},
  organization={Springer}
}

@inproceedings{jensen2004privacy,
  title={Privacy policies as decision-making tools: an evaluation of online privacy notices},
  author={Jensen, Carlos and Potts, Colin},
  booktitle={Proceedings of the SIGCHI conference on Human Factors in Computing Systems},
  pages={471--478},
  year={2004}
}

@techreport{rfc6265,
   AUTHOR = "Barth, A.",
   TITLE = "{HTTP State Management Mechanism}",
   HOWPUBLISHED = {Internet Requests for Comments},
   TYPE="{RFC}",
   NUMBER=6265,
   YEAR = {2011},
   MONTH = {April},
   PUBLISHER = "{RFC Editor}",
   INSTITUTION = "{RFC Editor}",
   URL={https://www.rfc-editor.org/info/rfc6265}
}

@inproceedings{wheeler2016zxcvbn,
  title={zxcvbn:$\{$Low-Budget$\}$ Password Strength Estimation},
  author={Wheeler, Daniel Lowe},
  booktitle={25th USENIX Security Symposium (USENIX Security 16)},
  pages={157--173},
  year={2016}
}

@article{flesch1948new,
  title={A new readability yardstick.},
  author={Flesch, Rudolph},
  journal={Journal of applied psychology},
  volume={32},
  number={3},
  pages={221},
  year={1948},
  publisher={American Psychological Association}
}

@techreport{kincaid1975derivation,
  title={Derivation of new readability formulas (automated readability index, fog count and flesch reading ease formula) for navy enlisted personnel},
  author={Kincaid, J Peter and Fishburne Jr, Robert P and Rogers, Richard L and Chissom, Brad S},
  year={1975},
  institution={Naval Technical Training Command Millington TN Research Branch}
}

@online{EUdataregulations2018,
    title = {General Data Protection Regulation},
    url = {https://eur-lex.europa.eu/legal-content/EN/TXT/PDF/?uri=CELEX:32016R0679},
    year = {2018}
}

@inproceedings{weinberg2018catch,
  title={How to catch when proxies lie: Verifying the physical locations of network proxies with active geolocation},
  author={Weinberg, Zachary and Cho, Shinyoung and Christin, Nicolas and Sekar, Vyas and Gill, Phillipa},
  booktitle={Proceedings of the Internet Measurement Conference 2018},
  pages={203--217},
  year={2018}
}

@online{symantec,
  title={Symantec RuleSpace: OEM URL Categorization Database and Real-Time Web Categorization Technology},
  author={Symantec},
  year={2018},
}

